
@book{koller2009probabilistic,
	title={Probabilistic graphical models: principles and techniques},
	author={Koller, Daphne and Friedman, Nir and Bach, Francis},
	year={2009}
}

@inproceedings{kendall2017uncertainties,
	title={What uncertainties do we need in bayesian deep learning for computer vision?},
	author={Kendall, Alex and Gal, Yarin},
	booktitle={Advances in neural information processing systems},
	pages={5574--5584},
	year={2017}
}

@inproceedings{abadi2016tensorflow,
	title={Tensorflow: A system for large-scale machine learning},
	author={Abadi, Mart{\'\i}n and Barham, Paul and Chen, Jianmin and Chen, Zhifeng and Davis, Andy and Dean, Jeffrey and Devin, Matthieu and Ghemawat, Sanjay and Irving, Geoffrey and Isard, Michael and others},
	booktitle={12th $\{$USENIX$\}$ Symposium on Operating Systems Design and Implementation ($\{$OSDI$\}$ 16)},
	pages={265--283},
	year={2016}
}

@article{shannon1948mathematical,
	title={A mathematical theory of communication},
	author={Shannon, Claude Elwood},
	journal={Bell system technical journal},
	volume={27},
	number={3},
	pages={379--423},
	year={1948},
	publisher={Wiley Online Library}
}

@article{der2009aleatory,
	title={Aleatory or epistemic? Does it matter?},
	author={Der Kiureghian, Armen and Ditlevsen, Ove},
	journal={Structural Safety},
	volume={31},
	number={2},
	pages={105--112},
	year={2009},
	publisher={Elsevier}
}

@article{amodei2016concrete,
	title={Concrete problems in AI safety},
	author={Amodei, Dario and Olah, Chris and Steinhardt, Jacob and Christiano, Paul and Schulman, John and Man{\'e}, Dan},
	journal={arXiv preprint arXiv:1606.06565},
	year={2016}
}

@inproceedings{mcallister2017concrete,
	title={Concrete problems for autonomous vehicle safety: Advantages of Bayesian deep learning},
	author={McAllister, Rowan and Gal, Yarin and Kendall, Alex and Van Der Wilk, Mark and Shah, Amar and Cipolla, Roberto and Weller, Adrian Vivian},
	year={2017},
	organization={International Joint Conferences on Artificial Intelligence, Inc.}
}

@article{leibig2017leveraging,
	title={Leveraging uncertainty information from deep neural networks for disease detection},
	author={Leibig, Christian and Allken, Vaneeda and Ayhan, Murat Se{\c{c}}kin and Berens, Philipp and Wahl, Siegfried},
	journal={Scientific reports},
	volume={7},
	number={1},
	pages={17816},
	year={2017},
	publisher={Nature Publishing Group}
}
@article{zhang2017noisy,
	title={Noisy natural gradient as variational inference},
	author={Zhang, Guodong and Sun, Shengyang and Duvenaud, David and Grosse, Roger},
	journal={arXiv preprint arXiv:1712.02390},
	year={2017}
}

@inproceedings{denker1991transforming,
	title={Transforming neural-net output levels to probability distributions},
	author={Denker, John S and Lecun, Yann},
	booktitle={Advances in neural information processing systems},
	pages={853--859},
	year={1991}}
	
@article{kurakin2016adversarial,
	title={Adversarial machine learning at scale},
	author={Kurakin, Alexey and Goodfellow, Ian and Bengio, Samy},
	journal={arXiv preprint arXiv:1611.01236},
	year={2016}
	}
}

@inproceedings{osband2016deep,
	title={Deep exploration via bootstrapped DQN},
	author={Osband, Ian and Blundell, Charles and Pritzel, Alexander and Van Roy, Benjamin},
	booktitle={Advances in neural information processing systems},
	pages={4026--4034},
	year={2016}
}
@book{pearl2014probabilistic,
	title={Probabilistic reasoning in intelligent systems: networks of plausible inference},
	author={Pearl, Judea},
	year={2014},
	publisher={Elsevier}
}
 @INPROCEEDINGS{Ruiz-Sarmiento-REACTS-2015,
 	author = {Ruiz-Sarmiento, J. R. and Galindo, Cipriano and Gonz{\'{a}}lez-Jim{\'{e}}nez, Javier},
 	title = {UPGMpp: a Software Library for Contextual Object Recognition},
 	booktitle = {3rd. Workshop on Recognition and Action for Scene Understanding (REACTS)},
 	year = {2015}
 }

@inproceedings{kendall2016modelling,
	title={Modelling uncertainty in deep learning for camera relocalization},
	author={Kendall, Alex and Cipolla, Roberto},
	booktitle={2016 IEEE international conference on Robotics and Automation (ICRA)},
	pages={4762--4769},
	year={2016},
	organization={IEEE}
}
@inproceedings{osband2016deep,
	title={Deep exploration via bootstrapped DQN},
	author={Osband, Ian and Blundell, Charles and Pritzel, Alexander and Van Roy, Benjamin},
	booktitle={Advances in neural information processing systems},
	pages={4026--4034},
	year={2016}
}
@article{srivastava2014dropout,
	title={Dropout: a simple way to prevent neural networks from overfitting},
	author={Srivastava, Nitish and Hinton, Geoffrey and Krizhevsky, Alex and Sutskever, Ilya and Salakhutdinov, Ruslan},
	journal={The Journal of Machine Learning Research},
	volume={15},
	number={1},
	pages={1929--1958},
	year={2014},
	publisher={JMLR. org}
}
@article{hammersley1968markov,
	title={Markov fields on finite graphs and lattices},
	author={Hammersley, John M and Clifford, Peter},
	year={1968}
}
@article{lafferty2001conditional,
	title={Conditional random fields: Probabilistic models for segmenting and labeling sequence data},
	author={Lafferty, John and McCallum, Andrew and Pereira, Fernando CN},
	year={2001}
}


@book{koller2009probabilistic,
	title={Probabilistic graphical models: principles and techniques},
	author={Koller, Daphne and Friedman, Nir and Bach, Francis},
	year={2009}
}
@inproceedings{kingma2015variational,
	title={Variational dropout and the local reparameterization trick},
	author={Kingma, Durk P and Salimans, Tim and Welling, Max},
	booktitle={Advances in Neural Information Processing Systems},
	pages={2575--2583},
	year={2015}
}
@article{gal2017deep,
	title={Deep bayesian active learning with image data},
	author={Gal, Yarin and Islam, Riashat and Ghahramani, Zoubin},
	journal={arXiv preprint arXiv:1703.02910},
	year={2017}
}

@inproceedings{gal2016improving,
	title={Improving PILCO with Bayesian neural network dynamics models},
	author={Gal, Yarin and McAllister, Rowan and Rasmussen, Carl Edward}
}
@book{gupta1999matrix,
	title={Matrix Variate Distributions},
	author={Gupta, AK and Nagar, DK},
	volume={104},
	year={1999},
	publisher={CRC Press}
}
@article{kendall2017multi,
	title={Multi-task learning using uncertainty to weigh losses for scene geometry and semantics},
	author={Kendall, Alex and Gal, Yarin and Cipolla, Roberto}
}


@article{feng2018towards,
	title={Towards Safe Autonomous Driving: Capture Uncertainty in the Deep Neural Network For Lidar 3D Vehicle Detection},
	author={Feng, Di and Rosenbaum, Lars and Dietmayer, Klaus},
	journal={arXiv preprint arXiv:1804.05132},
	year={2018}
}
@book{bishop2006pattern,
	title={Pattern recognition and machine learning},
	author={Bishop, Christopher M},
	year={2006},
	publisher={springer}
}
@article{blundell2015weight,
	title={Weight uncertainty in neural networks},
	author={Blundell, Charles and Cornebise, Julien and Kavukcuoglu, Koray and Wierstra, Daan},
	journal={arXiv preprint arXiv:1505.05424},
	year={2015}
}
@inproceedings{martens2015optimizing,
	title={Optimizing neural networks with kronecker-factored approximate curvature},
	author={Martens, James and Grosse, Roger},
	booktitle={International conference on machine learning},
	pages={2408--2417},
	year={2015}
}
@article{feinman2017detecting,
	title={Detecting adversarial samples from artifacts},
	author={Feinman, Reuben and Curtin, Ryan R and Shintre, Saurabh and Gardner, Andrew B},
	journal={arXiv preprint arXiv:1703.00410},
	year={2017}
}

@article{hendrycks2016baseline,
	title={A baseline for detecting misclassified and out-of-distribution examples in neural networks},
	author={Hendrycks, Dan and Gimpel, Kevin},
	journal={arXiv preprint arXiv:1610.02136},
	year={2016}
}
@article{gneiting2007probabilistic,
	title={Probabilistic forecasts, calibration and sharpness},
	author={Gneiting, Tilmann and Balabdaoui, Fadoua and Raftery, Adrian E},
	journal={Journal of the Royal Statistical Society: Series B (Statistical Methodology)},
	volume={69},
	number={2},
	pages={243--268},
	year={2007},
	publisher={Wiley Online Library}
}
@article{guo2017calibration,
	title={On calibration of modern neural networks},
	author={Guo, Chuan and Pleiss, Geoff and Sun, Yu and Weinberger, Kilian Q},
	journal={arXiv preprint arXiv:1706.04599},
	year={2017}
}

@article{sutton2012introduction,
	title={An introduction to conditional random fields},
	author={Sutton, Charles and McCallum, Andrew and others},
	journal={Foundations and Trends{\textregistered} in Machine Learning},
	volume={4},
	number={4},
	pages={267--373},
	year={2012},
	publisher={Now Publishers, Inc.}
}

@inproceedings{lin2016efficient,
	title={Efficient piecewise training of deep structured models for semantic segmentation},
	author={Lin, Guosheng and Shen, Chunhua and Van Den Hengel, Anton and Reid, Ian},
	booktitle={Proceedings of the IEEE Conference on Computer Vision and Pattern Recognition},
	pages={3194--3203},
	year={2016}
}

@inproceedings{krahenbuhl2011efficient,
	title={Efficient inference in fully connected crfs with gaussian edge potentials},
	author={Kr{\"a}henb{\"u}hl, Philipp and Koltun, Vladlen},
	booktitle={Advances in neural information processing systems},
	pages={109--117},
	year={2011}
}

@article{wu1982potts,
	title={The potts model},
	author={Wu, Fa-Yueh},
	journal={Reviews of modern physics},
	volume={54},
	number={1},
	pages={235},
	year={1982},
	publisher={APS}
}

@inproceedings{ladicky2010graph,
	title={Graph cut based inference with co-occurrence statistics},
	author={Ladicky, Lubor and Russell, Chris and Kohli, Pushmeet and Torr, Philip HS},
	booktitle={European Conference on Computer Vision},
	pages={239--253},
	year={2010},
	organization={Springer}
}

@article{rasiwasia2009holistic,
	title={Holistic context modeling using semantic co-occurrences},
	author={Rasiwasia, Nikhil and Vasconcelos, Nuno},
	year={2009},
	publisher={IEEE}
}

@inproceedings{galleguillos2008object,
	title={Object categorization using co-occurrence, location and appearance},
	author={Galleguillos, Carolina and Rabinovich, Andrew and Belongie, Serge},
	booktitle={Computer Vision and Pattern Recognition, 2008. CVPR 2008. IEEE Conference on},
	pages={1--8},
	year={2008},
	organization={IEEE}
}

@inproceedings{rabinovich2007objects,
	title={Objects in context},
	author={Rabinovich, Andrew and Vedaldi, Andrea and Galleguillos, Carolina and Wiewiora, Eric and Belongie, Serge},
	booktitle={Computer vision, 2007. ICCV 2007. IEEE 11th international conference on},
	pages={1--8},
	year={2007},
	organization={IEEE}
}

@article{senge2014reliable,
	title={Reliable classification: Learning classifiers that distinguish aleatoric and epistemic uncertainty},
	author={Senge, Robin and B{\"o}sner, Stefan and Dembczy{\'n}ski, Krzysztof and Haasenritter, J{\"o}rg and Hirsch, Oliver and Donner-Banzhoff, Norbert and H{\"u}llermeier, Eyke},
	journal={Information Sciences},
	volume={255},
	pages={16--29},
	year={2014},
	publisher={Elsevier}
}

@article{liang2017enhancing,
	title={Enhancing the reliability of out-of-distribution image detection in neural networks},
	author={Liang, Shiyu and Li, Yixuan and Srikant, R},
	journal={arXiv preprint arXiv:1706.02690},
	year={2017}
}

@article{devries2018learning,
	title={Learning Confidence for Out-of-Distribution Detection in Neural Networks},
	author={DeVries, Terrance and Taylor, Graham W},
	journal={arXiv preprint arXiv:1802.04865},
	year={2018}
}

@article{lee2017training,
	title={Training confidence-calibrated classifiers for detecting out-of-distribution samples},
	author={Lee, Kimin and Lee, Honglak and Lee, Kibok and Shin, Jinwoo},
	journal={arXiv preprint arXiv:1711.09325},
	year={2017}
}
@article{williams1992simple,
	title={Simple statistical gradient-following algorithms for connectionist reinforcement learning},
	author={Williams, Ronald J},
	journal={Machine learning},
	volume={8},
	number={3-4},
	pages={229--256},
	year={1992},
	publisher={Springer}
}

@inproceedings{gal2016dropout,
	title={Dropout as a Bayesian approximation: Representing model uncertainty in deep learning},
	author={Gal, Yarin and Ghahramani, Zoubin},
	booktitle={international conference on machine learning},
	pages={1050--1059},
	year={2016}
}
@phdthesis{gal2016uncertainty,
	title={Uncertainty in deep learning},
	author={Gal, Yarin}
}

@inproceedings{lakshminarayanan2017simple,
	title={Simple and scalable predictive uncertainty estimation using deep ensembles},
	author={Lakshminarayanan, Balaji and Pritzel, Alexander and Blundell, Charles},
	booktitle={Advances in Neural Information Processing Systems},
	pages={6402--6413},
	year={2017}
}
@article{ritter2018scalable,
	title={A scalable laplace approximation for neural networks},
	author={Ritter, Hippolyt and Botev, Aleksandar and Barber, David},
	year={2018}
}

@article{hinton2015distilling,
	title={Distilling the knowledge in a neural network},
	author={Hinton, Geoffrey and Vinyals, Oriol and Dean, Jeff},
	journal={arXiv preprint arXiv:1503.02531},
	year={2015}
}

@inproceedings{sun2017learning,
	title={Learning structured weight uncertainty in bayesian neural networks},
	author={Sun, Shengyang and Chen, Changyou and Carin, Lawrence},
	booktitle={Artificial Intelligence and Statistics},
	pages={1283--1292},
	year={2017}
}

@article{louizos2017multiplicative,
	title={Multiplicative normalizing flows for variational bayesian neural networks},
	author={Louizos, Christos and Welling, Max},
	journal={arXiv preprint arXiv:1703.01961},
	year={2017}
}
@inproceedings{louizos2016structured,
	title={Structured and efficient variational deep learning with matrix gaussian posteriors},
	author={Louizos, Christos and Welling, Max},
	booktitle={International Conference on Machine Learning},
	pages={1708--1716},
	year={2016}
}

@inproceedings{balan2015bayesian,
	title={Bayesian dark knowledge},
	author={Balan, Anoop Korattikara and Rathod, Vivek and Murphy, Kevin P and Welling, Max},
	booktitle={Advances in Neural Information Processing Systems},
	pages={3438--3446},
	year={2015}
}
@inproceedings{maddison2014sampling,
	title={A* sampling},
	author={Maddison, Chris J and Tarlow, Daniel and Minka, Tom},
	booktitle={Advances in Neural Information Processing Systems},
	pages={3086--3094},
	year={2014}
}
@article{maddison2016concrete,
	title={The concrete distribution: A continuous relaxation of discrete random variables},
	author={Maddison, Chris J and Mnih, Andriy and Teh, Yee Whye},
	journal={arXiv preprint arXiv:1611.00712},
	year={2016}
}

@article{jang2016categorical,
	title={Categorical reparameterization with gumbel-softmax},
	author={Jang, Eric and Gu, Shixiang and Poole, Ben},
	journal={arXiv preprint arXiv:1611.01144},
	year={2016}
}
@inproceedings{minka2001expectation,
	title={Expectation propagation for approximate Bayesian inference},
	author={Minka, Thomas P},
	booktitle={Proceedings of the Seventeenth conference on Uncertainty in artificial intelligence},
	pages={362--369},
	year={2001},
	organization={Morgan Kaufmann Publishers Inc.}
}

@article{kingma2013auto,
	title={Auto-encoding variational bayes},
	author={Kingma, Diederik P and Welling, Max},
	journal={arXiv preprint arXiv:1312.6114},
	year={2013}
}

@inproceedings{welling2011bayesian,
	title={Bayesian learning via stochastic gradient Langevin dynamics},
	author={Welling, Max and Teh, Yee W},
	booktitle={Proceedings of the 28th international conference on machine learning (ICML-11)},
	pages={681--688},
	year={2011}
}

@inproceedings{louizos2017multiplicative,
	title={Multiplicative normalizing flows for variational bayesian neural networks},
	author={Louizos, Christos and Welling, Max},
	booktitle={Proceedings of the 34th International Conference on Machine Learning-Volume 70},
	pages={2218--2227},
	year={2017},
	organization={JMLR. org}
}

@article{wang2018adversarial,
	title={Adversarial distillation of bayesian neural network posteriors},
	author={Wang, Kuan-Chieh and Vicol, Paul and Lucas, James and Gu, Li and Grosse, Roger and Zemel, Richard},
	journal={arXiv preprint arXiv:1806.10317},
	year={2018}
}

@inproceedings{hinton1993keeping,
	title={Keeping the neural networks simple by minimizing the description length of the weights},
	author={Hinton, Geoffrey E and Van Camp, Drew},
	booktitle={Proceedings of the sixth annual conference on Computational learning theory},
	pages={5--13},
	year={1993},
	organization={ACM}
}

@inproceedings{graves2011practical,
	title={Practical variational inference for neural networks},
	author={Graves, Alex},
	booktitle={Advances in neural information processing systems},
	pages={2348--2356},
	year={2011}
}

@article{mackay1992practical,
	title={A practical Bayesian framework for backpropagation networks},
	author={MacKay, David JC},
	journal={Neural computation},
	volume={4},
	number={3},
	pages={448--472},
	year={1992},
	publisher={MIT Press}
}

@article{lafferty2001conditional,
	title={Conditional random fields: Probabilistic models for segmenting and labeling sequence data},
	author={Lafferty, John and McCallum, Andrew and Pereira, Fernando CN},
	year={2001}
}
@inproceedings{he2016deep,
	title={Deep residual learning for image recognition},
	author={He, Kaiming and Zhang, Xiangyu and Ren, Shaoqing and Sun, Jian},
	booktitle={Proceedings of the IEEE conference on computer vision and pattern recognition},
	pages={770--778},
	year={2016}
}
@book{neal2012bayesian,
	title={Bayesian learning for neural networks},
	author={Neal, Radford M},
	volume={118},
	year={2012},
	publisher={Springer Science \& Business Media}
}
@article{smith2018understanding,
	title={Understanding Measures of Uncertainty for Adversarial Example Detection},
	author={Smith, Lewis and Gal, Yarin},
	journal={arXiv preprint arXiv:1803.08533},
	year={2018}
}
@inproceedings{quinonero2005evaluating,
	title={Evaluating predictive uncertainty challenge},
	author={Quinonero-Candela, Joaquin and Rasmussen, Carl Edward and Sinz, Fabian and Bousquet, Olivier and Sch{\"o}lkopf, Bernhard},
	booktitle={Machine Learning Challenges Workshop},
	pages={1--27},
	year={2005},
	organization={Springer}
}

@article{gneiting2007strictly,
	title={Strictly proper scoring rules, prediction, and estimation},
	author={Gneiting, Tilmann and Raftery, Adrian E},
	journal={Journal of the American Statistical Association},
	volume={102},
	number={477},
	pages={359--378},
	year={2007},
	publisher={Taylor \& Francis}
}

@article{houlsby2011bayesian,
	title={Bayesian active learning for classification and preference learning},
	author={Houlsby, Neil and Husz{\'a}r, Ferenc and Ghahramani, Zoubin and Lengyel, M{\'a}t{\'e}},
	journal={arXiv preprint arXiv:1112.5745},
	year={2011}
}
@article{hodan2017tless,
	title={{T-LESS}: An {RGB-D} Dataset for {6D} Pose Estimation of Texture-less Objects},
	author={Hoda{\v{n}}, Tom{\'a}{\v{s}} and Haluza, Pavel and Obdr{\v{z}}{\'a}lek, {\v{S}}t{\v{e}}p{\'a}n and Matas, Ji{\v{r}}{\'\i} and Lourakis, Manolis and Zabulis, Xenophon},
	journal={IEEE Winter Conference on Applications of Computer Vision (WACV)},
	year={2017}
}
@inproceedings{lai2011large,
	title={A large-scale hierarchical multi-view rgb-d object dataset},
	author={Lai, Kevin and Bo, Liefeng and Ren, Xiaofeng and Fox, Dieter},
	booktitle={2011 IEEE international conference on robotics and automation},
	pages={1817--1824},
	year={2011},
	organization={IEEE}
}


@inproceedings{hernandez2015probabilistic,
	title={Probabilistic backpropagation for scalable learning of bayesian neural networks},
	author={Hern{\'a}ndez-Lobato, Jos{\'e} Miguel and Adams, Ryan},
	booktitle={International Conference on Machine Learning},
	pages={1861--1869},
	year={2015}
}

@inproceedings{gal2017concrete,
	title={Concrete dropout},
	author={Gal, Yarin and Hron, Jiri and Kendall, Alex},
	booktitle={Advances in Neural Information Processing Systems},
	pages={3581--3590},
	year={2017}
}